@article{ ZJTG202211023,
author = { 屈子淳 and  何嘉盛 and  陆美辰 and  刘雨佳 and  孟泽云 },
title = {共享经济背景下付费自习室现状及推行难点破解研究},
journal = {中国集体经济},
volume = {},
number = {11},
pages = {66-68},
year = {2022},
issn = {1008-1283},
}

@book{tanenbaum2019computer,
  author    = {Andrew S. Tanenbaum and Herbert Bos},
  title     = {Modern Operating Systems},
  publisher = {Pearson},
  year      = {2019},
  edition   = {4}
}

@inproceedings{zhang2020digital,
  author    = {Zhang, Lei and Wang, Xiaoli},
  title     = {Digital Twin for Smart Manufacturing: A Case Study},
  booktitle = {Proceedings of the 2020 IEEE International Conference on Industrial Informatics},
  year      = {2020},
  pages     = {112--117}
}

@misc{gov2023report,
  author       = {National Bureau of Statistics of China},
  title        = {2023 China Economic Development Annual Report},
  year         = {2023},
  note         = {Available at: \url{http://www.stats.gov.cn/}},
  howpublished = {\url{http://www.stats.gov.cn/}}
}

@techreport{ieee2022standard,
  author      = {IEEE Standards Association},
  title       = {IEEE Standard for Time-Sensitive Networking (TSN)},
  institution = {IEEE},
  year        = {2022},
  number      = {IEEE Std 802.1Qbv-2022}
}


@online{duck,
  title    = {历年公务员考试人数是多少？考公必看！ - 上岸鸭公考},
  author   = {上岸鸭公考},
  year     = {2025},
  url      = {https://www.gwy.com/dfgwy/327933.html},
  urldate  = {2024-04-15},
  language = {Chinese}
}

@online{aimei,
  title    = {艾媒咨询 | 2023-2024年中国付费自习室行业发展现状与消费趋势调查分析报告(附下载)-艾媒网-全球新经济行业数据分析报告发布平台},
  author   = {艾媒咨询},
  year     = {2025},
  url      = {https://www.iimedia.cn/c400/92390.html},
  urldate  = {2024-04-15},
  language = {Chinese}
}